UNA:+,? '
UNB+UNOC:2+5790000243440:14+5798000016446:14+210326:1127+210326U068+++++248348'
UNH+1+DEBMUL:D:96A:UN'
BGM+470+20210326112707022442'
DTM+137:20210326:102'
LIN+1'
DTM+202:20210308:102'
DTM+209:20210309:102'
BUS++IN'
MOA+60:83943,82:DKK'
RFF+ACK:1925442345'
RFF+CR:DBT.BELGIEN'
FII+OR+4069198104'
SEQ++1'
DTM+227:20210309:102'
FII+BF+BE78679200362186:::EUR+PCHQBEBB:25:17'
FII+I1+BE78679200362186:::EUR+PCHQBEBB:25:17'
PAI+::UBB:::ALO'
MOA+60:83943,82:DKK'
MOA+36:83943,82:DKK'
MOA+143:11286,26:EUR'
CUX++3:EUR+743,77'
NAD+BE+++VAT ON-E-SERVICES:TOUR SABLON 19 ETAGE:RUE J STEVENS 7:1000 BRUSSELS'
FCA+14+4069:80:130:4069198104'
MOA+23:2:DKK'
UNT+24+1'
UNH+2+DEBMUL:D:96A:UN'
BGM+470+20210326112707164937'
DTM+137:20210326:102'
LIN+1'
DTM+202:20210308:102'
DTM+209:20210309:102'
BUS++IN'
MOA+60:53,63:DKK'
RFF+ACK:1925442690'
RFF+CR:DBT.Bulgarien'
FII+OR+4069198104'
SEQ++1'
DTM+227:20210309:102'
FII+BF+BG57BNBG96613300195001:::EUR+BNBGBGSF:25:17'
FII+I1+BG57BNBG96613300195001:::EUR+BNBGBGSF:25:17'
PAI+::UBB:::ALO'
MOA+60:53,63:DKK'
MOA+36:53,63:DKK'
MOA+143:7,21:EUR'
CUX++3:EUR+743,77'
NAD+BE+++NATIONAL REVENUE AGENCY:TERRITORIAL DIRECTORATE SOFIA'
FCA+14+4069:80:130:4069198104'
MOA+23:2:DKK'
UNT+24+2'
UNH+3+DEBMUL:D:96A:UN'
BGM+470+20210326112707286588'
DTM+137:20210326:102'
LIN+1'
DTM+202:20210308:102'
DTM+209:20210309:102'
BUS++IN'
MOA+60:516,1:DKK'
RFF+ACK:1925443384'
RFF+CR:DBT.Cypern'
FII+OR+4069198104'
SEQ++1'
DTM+227:20210309:102'
FII+BF+CY32001000010000000006001401:::EUR+CBCYCY2N:25:17'
FII+I1+CY32001000010000000006001401:::EUR+CBCYCY2N:25:17'
PAI+::UBB:::ALO'
MOA+60:516,1:DKK'
MOA+36:516,1:DKK'
MOA+143:69,39:EUR'
CUX++3:EUR+743,77'
NAD+BE+++VAT-COMM E-SERVICES:CYPRES'
FCA+14+4069:80:130:4069198104'
MOA+23:2:DKK'
UNT+24+3'
UNH+4+DEBMUL:D:96A:UN'
BGM+470+20210326112707406063'
DTM+137:20210326:102'
LIN+1'
DTM+202:20210308:102'
DTM+209:20210309:102'
BUS++IN'
MOA+60:217,78:DKK'
RFF+ACK:1925444121'
RFF+CR:DBT.Estland'
FII+OR+4069198104'
SEQ++1'
DTM+227:20210309:102'
FII+BF+EE351010052031000004:::EUR+EEUHEE2X:25:17'
FII+I1+EE351010052031000004:::EUR+EEUHEE2X:25:17'
PAI+::UBB:::ALO'
MOA+60:217,78:DKK'
MOA+36:217,78:DKK'
MOA+143:29,28:EUR'
CUX++3:EUR+743,77'
NAD+BE+++MAKSU-JA TOLLIAMET:ESTONIA'
FCA+14+4069:80:130:4069198104'
MOA+23:2:DKK'
UNT+24+4'
UNH+5+DEBMUL:D:96A:UN'
BGM+470+20210326112707508269'
DTM+137:20210326:102'
LIN+1'
DTM+202:20210308:102'
DTM+209:20210309:102'
BUS++IN'
MOA+60:365737,52:DKK'
RFF+ACK:1925444870'
RFF+CR:DBT.Finland'
FII+OR+4069198104'
SEQ++1'
DTM+227:20210309:102'
FII+BF+FI6416603000117625:::EUR+NDEAFIHH:25:17'
FII+I1+FI6416603000117625:::EUR+NDEAFIHH:25:17'
PAI+::UBB:::ALO'
MOA+60:365737,52:DKK'
MOA+36:365737,52:DKK'
MOA+143:49173,47:EUR'
CUX++3:EUR+743,77'
NAD+BE+++LOUNAIS-SUOMEN VEROVIRASTO:FINLAND - FINNISH TAX:ADMINISTRATION'
FCA+14+4069:80:130:4069198104'
MOA+23:2:DKK'
UNT+24+5'
UNH+6+DEBMUL:D:96A:UN'
BGM+470+20210326112707613973'
DTM+137:20210326:102'
LIN+1'
DTM+202:20210308:102'
DTM+209:20210309:102'
BUS++IN'
MOA+60:157740,38:DKK'
RFF+ACK:1925445108'
RFF+CR:DBT.Frankrig'
FII+OR+4069198104'
SEQ++1'
DTM+227:20210309:102'
FII+BF+FR7630001000644932009365318:::EUR+BDFEFRPPCCT:25:17'
FII+I1+FR7630001000644932009365318:::EUR+BDFEFRPPCCT:25:17'
PAI+::UBB:::ALO'
MOA+60:157740,38:DKK'
MOA+36:157740,38:DKK'
MOA+143:21208,22:EUR'
CUX++3:EUR+743,77'
NAD+BE+++SIE:FRANKRIG'
FCA+14+4069:80:130:4069198104'
MOA+23:2:DKK'
UNT+24+6'
UNH+7+DEBMUL:D:96A:UN'
BGM+470+20210326112707708808'
DTM+137:20210326:102'
LIN+1'
DTM+202:20210308:102'
DTM+209:20210309:102'
BUS++IN'
MOA+60:4331,49:DKK'
RFF+ACK:1925445813'
RFF+CR:DBT.Gr�kenland'
FII+OR+4069198104'
SEQ++1'
DTM+227:20210309:102'
FII+BF+GR3001000230000002001153712:::EUR+BNGRGRAA:25:17'
FII+I1+GR3001000230000002001153712:::EUR+BNGRGRAA:25:17'
PAI+::UBB:::ALO'
MOA+60:4331,49:DKK'
MOA+36:4331,49:DKK'
MOA+143:582,37:EUR'
CUX++3:EUR+743,77'
NAD+BE+++E-COMMERCE:GREECE'
FCA+14+4069:80:130:4069198104'
MOA+23:2:DKK'
UNT+24+7'
UNH+8+DEBMUL:D:96A:UN'
BGM+470+20210326112707798674'
DTM+137:20210326:102'
LIN+1'
DTM+202:20210308:102'
DTM+209:20210309:102'
BUS++IN'
MOA+60:190004,45:DKK'
RFF+ACK:1925446211'
RFF+CR:DBT.EU-Nederland'
FII+OR+4069198104'
SEQ++1'
DTM+227:20210309:102'
FII+BF+NL88INGB0000441047:::EUR+INGBNL2A:25:17'
FII+I1+NL88INGB0000441047:::EUR+INGBNL2A:25:17'
PAI+::UBB:::ALO'
MOA+60:190004,45:DKK'
MOA+36:190004,45:DKK'
MOA+143:25546,13:EUR'
CUX++3:EUR+743,77'
NAD+BE+++BELASTINGDIENST LIMBURG:KANTOOR BUITENLAND:6401  DJ HEERLEN'
FCA+14+4069:80:130:4069198104'
MOA+23:2:DKK'
UNT+24+8'
UNH+9+DEBMUL:D:96A:UN'
BGM+470+20210326112707889197'
DTM+137:20210326:102'
LIN+1'
DTM+202:20210308:102'
DTM+209:20210309:102'
BUS++IN'
MOA+60:48177,7:DKK'
RFF+ACK:1925447037'
RFF+CR:DBT.Irland'
FII+OR+4069198104'
SEQ++1'
DTM+227:20210309:102'
FII+BF+IE63IRCE92040551012240:::EUR+IRCEIE2DGOV:25:17'
FII+I1+IE63IRCE92040551012240:::EUR+IRCEIE2DGOV:25:17'
PAI+::UBB:::ALO'
MOA+60:48177,7:DKK'
MOA+36:48177,7:DKK'
MOA+143:6477,5:EUR'
CUX++3:EUR+743,77'
NAD+BE+++REVENUE COMMIDDIONERS EU VAT:IRELAND'
FCA+14+4069:80:130:4069198104'
MOA+23:2:DKK'
UNT+24+9'
UNH+10+DEBMUL:D:96A:UN'
BGM+470+20210326112707986766'
DTM+137:20210326:102'
LIN+1'
DTM+202:20210308:102'
DTM+209:20210309:102'
BUS++IN'
MOA+60:127886,71:DKK'
RFF+ACK:1925447950'
RFF+CR:DBT.Italien'
FII+OR+4069198104'
SEQ++1'
DTM+227:20210309:102'
FII+BF+IT64W0100003245348008120301:::EUR+::::::BITAITRRENT                        BANCA D?'ITALIA:VERSAMENTI TESORERIA DELLO STATO'
FII+I1+IT64W0100003245348008120301:::EUR'
PAI+::UBB:::ALO'
MOA+60:127886,71:DKK'
MOA+36:127886,71:DKK'
MOA+143:17194,39:EUR'
CUX++3:EUR+743,77'
NAD+BE+++CAMBITRRXXX-BANCA D TALIA - ROMA IT:E-SERVICES:ITALY'
FCA+14+4069:80:130:4069198104'
MOA+23:2:DKK'
UNT+24+10'
UNH+11+DEBMUL:D:96A:UN'
BGM+470+20210326112708075917'
DTM+137:20210326:102'
LIN+1'
DTM+202:20210308:102'
DTM+209:20210309:102'
BUS++IN'
MOA+60:242,84:DKK'
RFF+ACK:1925448542'
RFF+CR:DBTS 1925448542'
FII+OR+4069198104'
SEQ++1'
DTM+227:20210309:102'
FII+BF+HR5910010051810000066:::EUR+NBHRHR2X:25:17'
FII+I1+HR5910010051810000066:::EUR+NBHRHR2X:25:17'
PAI+::UBB:::ALO'
MOA+60:242,84:DKK'
MOA+36:242,84:DKK'
MOA+143:32,65:EUR'
CUX++3:EUR+743,77'
NAD+BE+++POREZNA UPRAVA'
FCA+14+4069:80:130:4069198104'
MOA+23:2:DKK'
UNT+24+11'
UNH+12+DEBMUL:D:96A:UN'
BGM+470+20210326112708174950'
DTM+137:20210326:102'
LIN+1'
DTM+202:20210308:102'
DTM+209:20210309:102'
BUS++IN'
MOA+60:1036,44:DKK'
RFF+ACK:1925448878'
RFF+CR:DBT.Letland'
FII+OR+4069198104'
SEQ++1'
DTM+227:20210309:102'
FII+BF+LV33TREL1060000300000:::EUR+TRELLV22:25:17'
FII+I1+LV33TREL1060000300000:::EUR+TRELLV22:25:17'
PAI+::UBB:::ALO'
MOA+60:1036,44:DKK'
MOA+36:1036,44:DKK'
MOA+143:139,35:EUR'
CUX++3:EUR+743,77'
NAD+BE+++THE STATE OF TREASURY OF LATVIA:LATVIA'
FCA+14+4069:80:130:4069198104'
MOA+23:2:DKK'
UNT+24+12'
UNH+13+DEBMUL:D:96A:UN'
BGM+470+20210326112708302558'
DTM+137:20210326:102'
LIN+1'
DTM+202:20210308:102'
DTM+209:20210309:102'
BUS++IN'
MOA+60:194,12:DKK'
RFF+ACK:1925454025'
RFF+CR:DBT.Litauen'
FII+OR+4069198104'
SEQ++1'
DTM+227:20210309:102'
FII+BF+LT797180000000141065:::EUR+CBSBLT26:25:17'
FII+I1+LT797180000000141065:::EUR+CBSBLT26:25:17'
PAI+::UBB:::ALO'
MOA+60:194,12:DKK'
MOA+36:194,12:DKK'
MOA+143:26,1:EUR'
CUX++3:EUR+743,77'
NAD+BE+++STATE TAX INSPECTORATE:LITHUANIA'
FCA+14+4069:80:130:4069198104'
MOA+23:2:DKK'
UNT+24+13'
UNH+14+DEBMUL:D:96A:UN'
BGM+470+20210326112708403129'
DTM+137:20210326:102'
LIN+1'
DTM+202:20210308:102'
DTM+209:20210309:102'
BUS++IN'
MOA+60:4735,06:DKK'
RFF+ACK:1925456836'
RFF+CR:DBT.Luxemburg'
FII+OR+4069198104'
SEQ++1'
DTM+227:20210309:102'
FII+BF+LU451111703313630000:::EUR+CCPLLULL:25:17'
FII+I1+LU451111703313630000:::EUR+CCPLLULL:25:17'
PAI+::UBB:::ALO'
MOA+60:4735,06:DKK'
MOA+36:4735,06:DKK'
MOA+143:636,63:EUR'
CUX++3:EUR+743,77'
NAD+BE+++BUREAU DE RECETTE CENTRALE LUXEMBOU:P.O.BOX 31:2999  LUXEMBOURG'
FCA+14+4069:80:130:4069198104'
MOA+23:2:DKK'
UNT+24+14'
UNH+15+DEBMUL:D:96A:UN'
BGM+470+20210326112708501309'
DTM+137:20210326:102'
LIN+1'
DTM+202:20210308:102'
DTM+209:20210309:102'
BUS++IN'
MOA+60:433,77:DKK'
RFF+ACK:1925457212'
RFF+CR:DBT.Malta'
FII+OR+4069198104'
SEQ++1'
DTM+227:20210309:102'
FII+BF+MT04MALT011000040112EURCMG50173:::EUR+MALTMTMT:25:17'
FII+I1+MT04MALT011000040112EURCMG50173:::EUR+MALTMTMT:25:17'
PAI+::UBB:::ALO'
MOA+60:433,77:DKK'
MOA+36:433,77:DKK'
MOA+143:58,32:EUR'
CUX++3:EUR+743,77'
NAD+BE+++RECEPITS AND PAYMENTS OF VAT ON E-S:MALTA'
FCA+14+4069:80:130:4069198104'
MOA+23:2:DKK'
UNT+24+15'
UNH+16+DEBMUL:D:96A:UN'
BGM+470+20210326112708599568'
DTM+137:20210326:102'
LIN+1'
DTM+202:20210308:102'
DTM+209:20210309:102'
BUS++IN'
MOA+60:415989:DKK'
RFF+ACK:1925457446'
RFF+CR:DBT.Polen'
FII+OR+4069198104'
SEQ++1'
DTM+227:20210309:102'
FII+BF+PL54101000712223107136000000:::EUR+NBPLPLPW:25:17'
FII+I1+PL54101000712223107136000000:::EUR+NBPLPLPW:25:17'
PAI+::UBB:::ALO'
MOA+60:415989:DKK'
MOA+36:415989:DKK'
MOA+143:55929,79:EUR'
CUX++3:EUR+743,77'
NAD+BE+++LODZKI URZAD SKARBOWY:UL LINDLEYA 14:02-013  WARSZAWA'
FCA+14+4069:80:130:4069198104'
MOA+23:2:DKK'
UNT+24+16'
UNH+17+DEBMUL:D:96A:UN'
BGM+470+20210326112708684826'
DTM+137:20210326:102'
LIN+1'
DTM+202:20210308:102'
DTM+209:20210309:102'
BUS++IN'
MOA+60:986,83:DKK'
RFF+ACK:1925458263'
RFF+CR:DBT.Portugal'
FII+OR+4069198104'
SEQ++1'
DTM+227:20210309:102'
FII+BF+PT50078100190019000540043:::EUR+IGCPPTPL:25:17'
FII+I1+PT50078100190019000540043:::EUR+IGCPPTPL:25:17'
PAI+::UBB:::ALO'
MOA+60:986,83:DKK'
MOA+36:986,83:DKK'
MOA+143:132,68:EUR'
CUX++3:EUR+743,77'
NAD+BE+++IVA COMERCIO ELECTRONICO:PORTUGAL'
FCA+14+4069:80:130:4069198104'
MOA+23:2:DKK'
UNT+24+17'
UNH+18+DEBMUL:D:96A:UN'
BGM+470+20210326112708770343'
DTM+137:20210326:102'
LIN+1'
DTM+202:20210308:102'
DTM+209:20210309:102'
BUS++IN'
MOA+60:862,33:DKK'
RFF+ACK:1925458661'
RFF+CR:DBT.EU-Rum�nien'
FII+OR+4069198104'
SEQ++1'
DTM+227:20210309:102'
FII+BF+RO30RNCB0090000695510027:::EUR+RNCBROBU:25:17'
FII+I1+RO30RNCB0090000695510027:::EUR+RNCBROBU:25:17'
PAI+::UBB:::ALO'
MOA+60:862,33:DKK'
MOA+36:862,33:DKK'
MOA+143:115,94:EUR'
CUX++3:EUR+743,77'
NAD+BE+++MINISTRY OF ECONOMY AND FINANCE'
FCA+14+4069:80:130:4069198104'
MOA+23:2:DKK'
UNT+24+18'
UNH+19+DEBMUL:D:96A:UN'
BGM+470+20210326112708867697'
DTM+137:20210326:102'
LIN+1'
DTM+202:20210308:102'
DTM+209:20210309:102'
BUS++IN'
MOA+60:280,85:DKK'
RFF+ACK:1925459078'
RFF+CR:DBT.Slovakiet'
FII+OR+4069198104'
SEQ++1'
DTM+227:20210309:102'
FII+BF+SK7181805003988090825415:::EUR+::::::SPSRSKBA                           STATNA POKLADNICA:RADLINSKEHO 32'
FII+I1+SK7181805003988090825415:::EUR'
PAI+::UBB:::ALO'
MOA+60:280,85:DKK'
MOA+36:280,85:DKK'
MOA+143:37,76:EUR'
CUX++3:EUR+743,77'
NAD+BE+++SLOVAK REPUBLIC'
FCA+14+4069:80:130:4069198104'
MOA+23:2:DKK'
UNT+24+19'
UNH+20+DEBMUL:D:96A:UN'
BGM+470+20210326112708957727'
DTM+137:20210326:102'
LIN+1'
DTM+202:20210308:102'
DTM+209:20210309:102'
BUS++IN'
MOA+60:176,27:DKK'
RFF+ACK:1925459550'
RFF+CR:DBT.Slovenien'
FII+OR+4069198104'
SEQ++1'
DTM+227:20210309:102'
FII+BF+SI56011006000043576:::EUR+BSLJSI2X:25:17'
FII+I1+SI56011006000043576:::EUR+BSLJSI2X:25:17'
PAI+::UBB:::ALO'
MOA+60:176,27:DKK'
MOA+36:176,27:DKK'
MOA+143:23,7:EUR'
CUX++3:EUR+743,77'
NAD+BE+++MF-DAVENA UPRAVA REPUBLIKE SLOVENIJ:DDV NA ELKTRONSKO OPRAVLJENE:STORITVE'
FCA+14+4069:80:130:4069198104'
MOA+23:2:DKK'
UNT+24+20'
UNH+21+DEBMUL:D:96A:UN'
BGM+470+20210326112709052278'
DTM+137:20210326:102'
LIN+1'
DTM+202:20210308:102'
DTM+209:20210309:102'
BUS++IN'
MOA+60:39298,87:DKK'
RFF+ACK:1925459878'
RFF+CR:DBT.Spanien'
FII+OR+4069198104'
SEQ++1'
DTM+227:20210309:102'
FII+BF+ES0990000001200500000114:::EUR+ESPBESMM:25:17'
FII+I1+ES0990000001200500000114:::EUR+ESPBESMM:25:17'
PAI+::UBB:::ALO'
MOA+60:39298,87:DKK'
MOA+36:39298,87:DKK'
MOA+143:5283,74:EUR'
CUX++3:EUR+743,77'
NAD+BE+++T.P.INGRESOS IVA ESTADOS UE:SPANIEN'
FCA+14+4069:80:130:4069198104'
MOA+23:2:DKK'
UNT+24+21'
UNH+22+DEBMUL:D:96A:UN'
BGM+470+20210326112709151577'
DTM+137:20210326:102'
LIN+1'
DTM+202:20210308:102'
DTM+209:20210309:102'
BUS++IN'
MOA+60:161446,96:DKK'
RFF+ACK:1925460459'
RFF+CR:DBT.England'
FII+OR+4069198104'
SEQ++1'
DTM+227:20210309:102'
FII+BF+GB77BARC20051787838811:::EUR+BARCGB22:25:17'
FII+I1+GB77BARC20051787838811:::EUR+BARCGB22:25:17'
PAI+::UBB:::ALO'
MOA+60:161446,96:DKK'
MOA+36:161446,96:DKK'
MOA+143:21706,57:EUR'
CUX++3:EUR+743,77'
NAD+BE+++HMRC VAT E EURO RECEIPTS:ENGLAND'
FCA+14+4069:80:130:4069198104'
MOA+23:2:DKK'
UNT+24+22'
UNH+23+DEBMUL:D:96A:UN'
BGM+470+20210326112709248430'
DTM+137:20210326:102'
LIN+1'
DTM+202:20210308:102'
DTM+209:20210309:102'
BUS++IN'
MOA+60:109415,19:DKK'
RFF+ACK:1925460617'
RFF+CR:DBT.Sverige'
FII+OR+4069198104'
SEQ++1'
DTM+227:20210309:102'
FII+BF+SE8012000000012810112142:::EUR+DABASESX:25:17'
FII+I1+SE8012000000012810112142:::EUR+DABASESX:25:17'
PAI+::UBB:::ALO'
MOA+60:109415,19:DKK'
MOA+36:109415,19:DKK'
MOA+143:14710,89:EUR'
CUX++3:EUR+743,77'
NAD+BE+++VAT ON E-SERVICES IN SWEDEN:STOCKHOLM'
FCA+14+4069:80:130:4069198104'
MOA+23:2:DKK'
UNT+24+23'
UNH+24+DEBMUL:D:96A:UN'
BGM+470+20210326112709345271'
DTM+137:20210326:102'
LIN+1'
DTM+202:20210308:102'
DTM+209:20210309:102'
BUS++IN'
MOA+60:1313,5:DKK'
RFF+ACK:1925461481'
RFF+CR:DBTS 1925461481'
FII+OR+4069198104'
SEQ++1'
DTM+227:20210309:102'
FII+BF+CZ1207100345340057651621:::EUR+CNBACZPP:25:17'
FII+I1+CZ1207100345340057651621:::EUR+CNBACZPP:25:17'
PAI+::UBB:::ALO'
MOA+60:1313,5:DKK'
MOA+36:1313,5:DKK'
MOA+143:176,6:EUR'
CUX++3:EUR+743,77'
NAD+BE+++CZECH REPUBLIC:E-COMMERCE'
FCA+14+4069:80:130:4069198104'
MOA+23:2:DKK'
UNT+24+24'
UNH+25+DEBMUL:D:96A:UN'
BGM+470+20210326112709434155'
DTM+137:20210326:102'
LIN+1'
DTM+202:20210308:102'
DTM+209:20210309:102'
BUS++IN'
MOA+60:569492,04:DKK'
RFF+ACK:1925461841'
RFF+CR:DBT.Tyskland'
FII+OR+4069198104'
SEQ++1'
DTM+227:20210309:102'
FII+BF+DE81590000000059001020:::EUR+MARKDEF1590:25:17'
FII+I1+DE81590000000059001020:::EUR+MARKDEF1590:25:17'
PAI+::UBB:::ALO'
MOA+60:569492,04:DKK'
MOA+36:569492,04:DKK'
MOA+143:76568,3:EUR'
CUX++3:EUR+743,77'
NAD+BE+++DEUTSCHE BUNDESBANK SAARBRUCKEN:BUNDESKASSE TRIER SONDERKONTO:EU/UST'
FCA+14+4069:80:130:4069198104'
MOA+23:2:DKK'
UNT+24+25'
UNH+26+DEBMUL:D:96A:UN'
BGM+470+20210326112709527746'
DTM+137:20210326:102'
LIN+1'
DTM+202:20210308:102'
DTM+209:20210309:102'
BUS++IN'
MOA+60:1353,66:DKK'
RFF+ACK:1925462287'
RFF+CR:DBT.Ungarn'
FII+OR+4069198104'
SEQ++1'
DTM+227:20210309:102'
FII+BF+HU48100048851000801600212139:::EUR+::::::HUSTHUHB                           HUNGARIAN STATE TREASURY:HOLD  UTCA 4'
FII+I1+HU48100048851000801600212139:::EUR'
PAI+::UBB:::ALO'
MOA+60:1353,66:DKK'
MOA+36:1353,66:DKK'
MOA+143:182:EUR'
CUX++3:EUR+743,77'
NAD+BE+++NTCA (NATIONAL TAX AND CUSTOMS ADMI:1054 BUDAPEST, SZECHENYI U. 2.'
FCA+14+4069:80:130:4069198104'
MOA+23:2:DKK'
UNT+24+26'
UNH+27+DEBMUL:D:96A:UN'
BGM+470+20210326112709617765'
DTM+137:20210326:102'
LIN+1'
DTM+202:20210308:102'
DTM+209:20210309:102'
BUS++IN'
MOA+60:67600,36:DKK'
RFF+ACK:1925463548'
RFF+CR:DBT.�strig'
FII+OR+4069198104'
SEQ++1'
DTM+227:20210309:102'
FII+BF+AT120100000005534681:::EUR+::::::BUNDATWW                           Republik Oesterreich:Ballhausplatz 2'
FII+I1+AT120100000005534681:::EUR'
PAI+::UBB:::ALO'
MOA+60:67600,36:DKK'
MOA+36:67600,36:DKK'
MOA+143:9088,88:EUR'
CUX++3:EUR+743,77'
NAD+BE+++FINANZAMT GRAZ-STADT:OSTRIG'
FCA+14+4069:80:130:4069198104'
MOA+23:2:DKK'
UNT+24+27'
UNZ+27+210326U068'